{
  "leader": "04012cam a2200565Ia 4500",
  "fields": [
    {
      "001": "ocm65169692\\"
    },
    {
      "003": "OCoLC"
    },
    {
      "005": "20221206114338.0"
    },
    {
      "008": "060320s2006\\\\\\\\nyua\\\\\\\\\\b\\\\\\\\000\\0\\eng\\d"
    },
    {
      "010": {
        "ind1": "\\",
        "ind2": "\\",
        "subfields": [
          {
            "a": "  2005934410"
          }
        ]
      }
    },
    {
      "040": {
        "ind1": "\\",
        "ind2": "\\",
        "subfields": [
          {
            "a": "NPL"
          },
          {
            "b": "eng"
          },
          {
            "c": "NPL"
          },
          {
            "d": "BAKER"
          },
          {
            "d": "OUN"
          },
          {
            "d": "GZM"
          },
          {
            "d": "OCLCQ"
          },
          {
            "d": "YBM"
          },
          {
            "d": "YDXCP"
          },
          {
            "d": "CUY"
          },
          {
            "d": "AU@"
          },
          {
            "d": "FDA"
          },
          {
            "d": "BDX"
          },
          {
            "d": "OCLCQ"
          },
          {
            "d": "OCLCF"
          },
          {
            "d": "OCLCO"
          },
          {
            "d": "OCL"
          },
          {
            "d": "SFR"
          },
          {
            "d": "AVA"
          },
          {
            "d": "GILDS"
          },
          {
            "d": "OCLCO"
          },
          {
            "d": "GDC"
          },
          {
            "d": "VP@"
          },
          {
            "d": "OCLCO"
          }
        ]
      }
    },
    {
      "019": {
        "ind1": "\\",
        "ind2": "\\",
        "subfields": [
          {
            "a": "1008269619"
          }
        ]
      }
    },
    {
      "020": {
        "ind1": "\\",
        "ind2": "\\",
        "subfields": [
          {
            "a": "0878481036"
          },
          {
            "q": "(hc.)"
          }
        ]
      }
    },
    {
      "020": {
        "ind1": "\\",
        "ind2": "\\",
        "subfields": [
          {
            "a": "9780878481033"
          },
          {
            "q": "(hc.)"
          }
        ]
      }
    },
    {
      "020": {
        "ind1": "\\",
        "ind2": "\\",
        "subfields": [
          {
            "a": "0878481044"
          },
          {
            "q": "(pbk.)"
          }
        ]
      }
    },
    {
      "020": {
        "ind1": "\\",
        "ind2": "\\",
        "subfields": [
          {
            "a": "9780878481040"
          },
          {
            "q": "(pbk.)"
          }
        ]
      }
    },
    {
      "024": {
        "ind1": "3",
        "ind2": "\\",
        "subfields": [
          {
            "a": "9780878481033 (hc.)"
          }
        ]
      }
    },
    {
      "024": {
        "ind1": "3",
        "ind2": "\\",
        "subfields": [
          {
            "a": "9780878481040 (pbk.)"
          }
        ]
      }
    },
    {
      "035": {
        "ind1": "\\",
        "ind2": "\\",
        "subfields": [
          {
            "a": "(OCoLC)65169692"
          },
          {
            "z": "(OCoLC)1008269619"
          }
        ]
      }
    },
    {
      "043": {
        "ind1": "\\",
        "ind2": "\\",
        "subfields": [
          {
            "a": "a------"
          },
          {
            "a": "n-us-ny"
          }
        ]
      }
    },
    {
      "050": {
        "ind1": "\\",
        "ind2": "4",
        "subfields": [
          {
            "a": "N7262"
          },
          {
            "b": ".P37 2006"
          }
        ]
      }
    },
    {
      "082": {
        "ind1": "0",
        "ind2": "4",
        "subfields": [
          {
            "a": "709.5"
          },
          {
            "b": "PAS"
          }
        ]
      }
    },
    {
      "245": {
        "ind1": "0",
        "ind2": "2",
        "subfields": [
          {
            "a": "A passion for Asia :"
          },
          {
            "b": "the Rockefeller legacy : a publication in celebration of the 50th anniversary of the Asia Society."
          }
        ]
      }
    },
    {
      "250": {
        "ind1": "\\",
        "ind2": "\\",
        "subfields": [
          {
            "a": "1st ed."
          }
        ]
      }
    },
    {
      "260": {
        "ind1": "\\",
        "ind2": "\\",
        "subfields": [
          {
            "a": "New York, NY :"
          },
          {
            "b": "Asia Society ;"
          },
          {
            "a": "Manchester, Vt. :"
          },
          {
            "b": "in association with Hudson Hills Press,"
          },
          {
            "c": "\u00a92006."
          }
        ]
      }
    },
    {
      "300": {
        "ind1": "\\",
        "ind2": "\\",
        "subfields": [
          {
            "a": "223 pages :"
          },
          {
            "b": "illustrations (some color) ;"
          },
          {
            "c": "27 cm"
          }
        ]
      }
    },
    {
      "336": {
        "ind1": "\\",
        "ind2": "\\",
        "subfields": [
          {
            "a": "text"
          },
          {
            "b": "txt"
          },
          {
            "2": "rdacontent"
          }
        ]
      }
    },
    {
      "337": {
        "ind1": "\\",
        "ind2": "\\",
        "subfields": [
          {
            "a": "unmediated"
          },
          {
            "b": "n"
          },
          {
            "2": "rdamedia"
          }
        ]
      }
    },
    {
      "338": {
        "ind1": "\\",
        "ind2": "\\",
        "subfields": [
          {
            "a": "volume"
          },
          {
            "b": "nc"
          },
          {
            "2": "rdacarrier"
          }
        ]
      }
    },
    {
      "500": {
        "ind1": "\\",
        "ind2": "\\",
        "subfields": [
          {
            "a": "\"Published in conjunction with the exhibition A passion for Asia : the Rockefeller family collects\"--Title page verso."
          }
        ]
      }
    },
    {
      "504": {
        "ind1": "\\",
        "ind2": "\\",
        "subfields": [
          {
            "a": "Includes bibliographical references (pages 103-105)."
          }
        ]
      }
    },
    {
      "505": {
        "ind1": "0",
        "ind2": "0",
        "subfields": [
          {
            "t": "Chairman's message /"
          },
          {
            "r": "Richard C. Holbrooke --"
          },
          {
            "t": "Foreword /"
          },
          {
            "r": "Vishakha N. Desai --"
          },
          {
            "t": "Preface /"
          },
          {
            "r": "Melissa Chiu --"
          },
          {
            "t": "History, recollections, and reflections --"
          },
          {
            "t": "The Rockefeller family and Asia --"
          },
          {
            "t": "An enduring gift /"
          },
          {
            "r": "David Rockefeller --"
          },
          {
            "t": "Understanding Asia through rationalism and realism /"
          },
          {
            "r": "Senator John D. Rockefeller IV --"
          },
          {
            "t": "Manjusri and Abby's gardens /"
          },
          {
            "r": "Steven C. Rockefeller --"
          },
          {
            "t": "Embracing Asia /"
          },
          {
            "r": "Wendy O'Neill Wang --"
          },
          {
            "t": "Breaking the barriers /"
          },
          {
            "r": "Charles P. Rockefeller --"
          },
          {
            "t": "A family's love of Asian art /"
          },
          {
            "r": "Cynthia Bronson Altman --"
          },
          {
            "t": "Inspiration for generations :"
          },
          {
            "t": "ten works acquired by members of the Rockefeller family /"
          },
          {
            "r": "Adriana Proser --"
          },
          {
            "t": "Asia society :"
          },
          {
            "t": "vision, interaction, and engagement --"
          },
          {
            "t": "The early years, sketch of the beginnings of the Asia Society /"
          },
          {
            "r": "Phillips Talbot --"
          },
          {
            "t": "Asia society reflections /"
          },
          {
            "r": "Robert B. Oxnam --"
          },
          {
            "t": "The beginnings of a global role /"
          },
          {
            "r": "Nicholas Platt --"
          },
          {
            "t": "Preparing for the 21st century /"
          },
          {
            "r": "Vishakha N. Desai --"
          },
          {
            "t": "The Rockefeller family collections --"
          },
          {
            "t": "A selection of religious art --"
          },
          {
            "t": "A selection of decorative arts, paintings, prints, and robes."
          }
        ]
      }
    },
    {
      "520": {
        "ind1": "\\",
        "ind2": "\\",
        "subfields": [
          {
            "a": "This sumptuous volume published by the Asia Society and Hudson Hills Press recounts how the mission of the Asia Society was born out of the Rockefeller family's interest in and involvement with Asia, and explains how the commitment to that mission has deepened over the past 50 years. In addition to an essay on the Rockefeller family's century-long engagement with Asia, the text includes essays by Rockefeller family members, the curator of the family's collection, several former presidents and the current president of the Asia Society. The book contains 117 color plates of objects in the collection, and color and b&w photos that help tell the story."
          }
        ]
      }
    },
    {
      "610": {
        "ind1": "2",
        "ind2": "0",
        "subfields": [
          {
            "a": "Asia Society"
          },
          {
            "x": "Art collections"
          },
          {
            "v": "Exhibitions."
          }
        ]
      }
    },
    {
      "610": {
        "ind1": "2",
        "ind2": "0",
        "subfields": [
          {
            "a": "Asia Society"
          },
          {
            "x": "Anniversaries, etc."
          }
        ]
      }
    },
    {
      "600": {
        "ind1": "3",
        "ind2": "0",
        "subfields": [
          {
            "a": "Rockefeller family"
          },
          {
            "x": "Art collections"
          },
          {
            "v": "Exhibitions."
          }
        ]
      }
    },
    {
      "650": {
        "ind1": "\\",
        "ind2": "0",
        "subfields": [
          {
            "a": "Art, Asian"
          },
          {
            "v": "Exhibitions."
          }
        ]
      }
    },
    {
      "600": {
        "ind1": "3",
        "ind2": "7",
        "subfields": [
          {
            "a": "Rockefeller family."
          },
          {
            "2": "fast"
          },
          {
            "0": "(OCoLC)fst00214542"
          }
        ]
      }
    },
    {
      "610": {
        "ind1": "2",
        "ind2": "7",
        "subfields": [
          {
            "a": "Asia Society."
          },
          {
            "2": "fast"
          },
          {
            "0": "(OCoLC)fst00531587"
          }
        ]
      }
    },
    {
      "650": {
        "ind1": "\\",
        "ind2": "7",
        "subfields": [
          {
            "a": "Art"
          },
          {
            "x": "Private collections."
          },
          {
            "2": "fast"
          },
          {
            "0": "(OCoLC)fst00815314"
          }
        ]
      }
    },
    {
      "650": {
        "ind1": "\\",
        "ind2": "7",
        "subfields": [
          {
            "a": "Anniversaries."
          },
          {
            "2": "fast"
          },
          {
            "0": "(OCoLC)fst00809757"
          }
        ]
      }
    },
    {
      "650": {
        "ind1": "\\",
        "ind2": "7",
        "subfields": [
          {
            "a": "Art, Asian."
          },
          {
            "2": "fast"
          },
          {
            "0": "(OCoLC)fst00815951"
          }
        ]
      }
    },
    {
      "650": {
        "ind1": "\\",
        "ind2": "7",
        "subfields": [
          {
            "a": "Art museums."
          },
          {
            "2": "fast"
          },
          {
            "0": "(OCoLC)fst00815631"
          }
        ]
      }
    },
    {
      "655": {
        "ind1": "\\",
        "ind2": "7",
        "subfields": [
          {
            "a": "Exhibition catalogs."
          },
          {
            "2": "fast"
          },
          {
            "0": "(OCoLC)fst01424028"
          }
        ]
      }
    },
    {
      "655": {
        "ind1": "\\",
        "ind2": "7",
        "subfields": [
          {
            "a": "Exhibition catalogs."
          },
          {
            "2": "lcgft"
          }
        ]
      }
    },
    {
      "710": {
        "ind1": "2",
        "ind2": "\\",
        "subfields": [
          {
            "a": "Asia Society."
          }
        ]
      }
    },
    {
      "994": {
        "ind1": "\\",
        "ind2": "\\",
        "subfields": [
          {
            "a": "Z0"
          },
          {
            "b": "NYRVC"
          }
        ]
      }
    },
    {
      "948": {
        "ind1": "\\",
        "ind2": "\\",
        "subfields": [
          {
            "h": "NO HOLDINGS IN NYRVC - 291 OTHER HOLDINGS"
          }
        ]
      }
    },
    {
      "999": {
        "ind1": "\\",
        "ind2": "\\",
        "subfields": [
          {
            "a": "00000000011259"
          },
          {
            "b": "Copy 1"
          }
        ]
      }
    },
    {
      "999": {
        "ind1": "\\",
        "ind2": "\\",
        "subfields": [
          {
            "a": "00000000011263"
          },
          {
            "b": "Copy 2"
          }
        ]
      }
    }
  ]
}